<?xml version="1.0" encoding="UTF-8"?>
<record xmlns="http://www.loc.gov/MARC21/slim">
  <leader>01543ntm a22003377a 4500</leader>
  <controlfield tag="001">3556201</controlfield>
  <controlfield tag="005">20100701221300.0</controlfield>
  <controlfield tag="008">090115s1859    xx            000 i eng d</controlfield>
  <datafield tag="033" ind1="0" ind2="0">
    <subfield code="a">18591209</subfield>
  </datafield>
  <datafield tag="035" ind1=" " ind2=" ">
    <subfield code="a">3556201</subfield>
  </datafield>
  <datafield tag="040" ind1=" " ind2=" ">
    <subfield code="a">BRL</subfield>
  </datafield>
  <datafield tag="099" ind1=" " ind2=" ">
    <subfield code="a">Ms.A.9.2 v.29, p.83</subfield>
  </datafield>
  <datafield tag="100" ind1="1" ind2=" ">
    <subfield code="a">Lupton, Joseph.</subfield>
  </datafield>
  <datafield tag="245" ind1="1" ind2="0">
    <subfield code="a">[Letter to] My dear Mrs. Chapman</subfield>
    <subfield code="h">[manuscript].</subfield>
  </datafield>
  <datafield tag="260" ind1=" " ind2=" ">
    <subfield code="a">Chapeltown, Road, Leeds, [England],</subfield>
    <subfield code="c">9th December 1859.</subfield>
  </datafield>
  <datafield tag="300" ind1=" " ind2=" ">
    <subfield code="a">1 leaf (4 p.) ;</subfield>
    <subfield code="c">11 x 8 3/4 in.</subfield>
  </datafield>
  <datafield tag="500" ind1=" " ind2=" ">
    <subfield code="a">Holograph, signed.</subfield>
  </datafield>
  <datafield tag="500" ind1=" " ind2=" ">
    <subfield code="a">Joseph Lupton transmits a contribution from the Leeds and Halifax friends. Mary Carpenter wants to know if something can be done for the family of John Brown. Frederick Douglass has been in the neighborhood, but Joseph Lupton has not seen him. Joseph Lupton thinks he should go to Frederick Douglass&apos;s meeting. Joseph Lupton&apos;s cousins, Charlotte and Harriet Lupton, live near Wickstead.</subfield>
  </datafield>
  <datafield tag="600" ind1="1" ind2="0">
    <subfield code="a">Chapman, Maria Weston,</subfield>
    <subfield code="d">1806-1885</subfield>
    <subfield code="v">Correspondence.</subfield>
  </datafield>
  <datafield tag="600" ind1="1" ind2="0">
    <subfield code="a">Lupton, Joseph</subfield>
    <subfield code="v">Correspondence.</subfield>
  </datafield>
  <datafield tag="600" ind1="1" ind2="0">
    <subfield code="a">Brown, John,</subfield>
    <subfield code="d">1800-1859.</subfield>
  </datafield>
  <datafield tag="600" ind1="1" ind2="0">
    <subfield code="a">Carpenter, Mary,</subfield>
    <subfield code="d">1807-1877.</subfield>
  </datafield>
  <datafield tag="600" ind1="1" ind2="0">
    <subfield code="a">Douglass, Frederick,</subfield>
    <subfield code="d">1818-1895.</subfield>
  </datafield>
  <datafield tag="600" ind1="1" ind2="0">
    <subfield code="a">Lupton, Harriet.</subfield>
  </datafield>
  <datafield tag="650" ind1=" " ind2="0">
    <subfield code="a">Antislavery movements</subfield>
    <subfield code="z">United States</subfield>
    <subfield code="x">History</subfield>
    <subfield code="y">19th century.</subfield>
  </datafield>
  <datafield tag="650" ind1=" " ind2="0">
    <subfield code="a">Women abolitionists</subfield>
    <subfield code="z">Massachusetts</subfield>
    <subfield code="z">Boston</subfield>
    <subfield code="y">19th century</subfield>
    <subfield code="v">Correspondence.</subfield>
  </datafield>
  <datafield tag="655" ind1=" " ind2="0">
    <subfield code="a">Letters.</subfield>
  </datafield>
  <datafield tag="655" ind1=" " ind2="0">
    <subfield code="a">Manuscripts.</subfield>
  </datafield>
  <datafield tag="700" ind1="1" ind2=" ">
    <subfield code="a">Chapman, Maria Weston,</subfield>
    <subfield code="d">1806-1885,</subfield>
    <subfield code="e">recipient.</subfield>
  </datafield>
  <datafield tag="830" ind1=" " ind2="0">
    <subfield code="a">Maria Weston Chapman Correspondence (1835-1885)</subfield>
  </datafield>
  <datafield tag="999" ind1=" " ind2=" ">
    <subfield code="a">shots: 4</subfield>
  </datafield>
</record>
